index,ticker,revenue,yearRevenueGrowth,quarterRevenueGrowth,costOfGoodSold,grossProfit,operationExpense,operationProfit,yearOperationProfitGrowth,quarterOperationProfitGrowth,interestExpense,preTaxProfit,postTaxProfit,shareHolderIncome,yearShareHolderIncomeGrowth,quarterShareHolderIncomeGrowth,investProfit,serviceProfit,otherProfit,provisionExpense,operationIncome,ebitda
2023-Q3,MSN,20155,0.032,0.083,-14215,5940,-4580,1359,0.177,0.37,-1745,583,485,48,-0.911,-0.541,,,,,,2389.0
2023-Q2,MSN,18609,0.043,-0.005,-13281,5327,-4335,992,-0.016,0.091,-1786,451,429,105,-0.893,-0.51,,,,,,1939.0
2023-Q1,MSN,18706,0.028,-0.094,-13620,5086,-4176,910,-0.191,-0.341,-1747,581,439,215,-0.865,-0.519,,,,,,1995.0
2022-Q4,MSN,20643,-0.134,0.057,-15089,5554,-4173,1381,-0.445,0.196,-1486,903,804,447,-0.931,-0.177,,,,,,2515.0
2022-Q3,MSN,19523,-0.173,0.095,-14099,5424,-4269,1155,-0.373,0.145,-1126,909,841,543,-0.527,-0.446,,,,,,2223.0
2022-Q2,MSN,17834,-0.16,-0.02,-12867,4967,-3958,1009,-0.206,-0.102,-1074,1261,1215,981,0.24,-0.385,,,,,,2136.0
2022-Q1,MSN,18189,-0.089,-0.237,-13100,5089,-3965,1124,0.645,-0.548,-1161,2074,1895,1596,7.517,-0.752,,,,,,2201.0
2021-Q4,MSN,23828,0.103,0.009,-16951,6877,-4390,2487,1.148,0.35,-1138,7997,7119,6437,23.269,4.61,,,,,,3605.0
2021-Q3,MSN,23605,0.168,0.112,-17509,6096,-4254,1843,1.826,0.45,-1157,1863,1586,1147,0.348,0.45,,,,,,2993.0
2021-Q2,MSN,21219,0.194,0.062,-16372,4847,-3577,1271,,0.86,-1180,1142,1053,791,3.05,3.223,,,,,,2411.0
2021-Q1,MSN,19977,0.133,-0.075,-15663,4314,-3631,683,11.791,-0.41,-1194,487,343,187,,-0.294,,,,,,1906.0
2020-Q4,MSN,21600,0.968,0.069,-16385,5215,-4057,1158,-0.258,0.776,-1138,973,584,265,-0.817,-0.689,,,,,,3299.0
2020-Q3,MSN,20214,1.254,0.138,-15396,4818,-4166,652,-0.272,,-1091,1100,973,852,-0.618,3.359,,,,,,984.0
2020-Q2,MSN,17766,0.921,0.007,-13872,3895,-4076,-182,,,-863,311,54,195,-0.808,,,,,,,867.0
2020-Q1,MSN,17638,1.161,0.607,-13676,3962,-3908,53,-0.954,-0.966,-678,-60,-216,-78,,,,,,,,1116.0
2019-Q4,MSN,10976,-0.05,0.224,-7596,3379,-1818,1561,0.04,0.742,-469,2021,1748,1448,0.273,-0.35,,,,,,2244.0
2019-Q3,MSN,8968,-0.022,-0.031,-6536,2432,-1536,896,-0.354,-0.269,-492,2667,2425,2228,1.978,1.192,,,,,,1583.0
2019-Q2,MSN,9250,0.007,0.134,-6583,2667,-1442,1226,-0.064,0.056,-451,1275,1192,1016,-0.541,0.174,,,,,,1923.0
2019-Q1,MSN,8160,-0.014,-0.294,-5697,2463,-1303,1160,-0.142,-0.227,-454,1141,1000,865,0.06,-0.239,,,,,,1841.0
2018-Q4,MSN,11558,0.137,0.26,-8019,3539,-2037,1501,-0.047,0.082,-539,1439,1285,1138,-0.398,0.521,,,,,,2201.0
2018-Q3,MSN,9171,-0.028,-0.001,-6398,2774,-1386,1388,0.123,0.06,-757,1097,918,748,-0.013,-0.662,,,,,,2050.0
2018-Q2,MSN,9184,-0.031,0.11,-6377,2808,-1498,1310,0.641,-0.031,-743,2535,2396,2215,9.157,1.714,,,,,,1993.0
2018-Q1,MSN,8274,-0.031,-0.186,-5512,2762,-1409,1352,0.653,-0.142,-757,1172,1022,816,2.443,-0.568,,,,,,2013.0
2017-Q4,MSN,10169,-0.227,0.078,-6776,3393,-1817,1576,-0.173,0.275,-913,2342,2141,1890,1.002,1.494,,,,,,2265.0
2017-Q3,MSN,9433,-0.143,-0.005,-6526,2906,-1670,1236,-0.232,0.549,-735,1092,948,758,-0.068,2.474,,,,,,1892.0
2017-Q2,MSN,9479,-0.086,0.11,-6616,2863,-2065,798,-0.505,-0.024,-895,353,255,218,-0.721,-0.08,,,,,,1425.0
2017-Q1,MSN,8540,-0.026,-0.351,-6070,2470,-1652,818,-0.086,-0.571,-892,351,263,237,-0.064,-0.749,,,,,,1457.0
2016-Q4,MSN,13149,0.143,0.195,-9075,4074,-2167,1906,0.077,0.184,-872,1427,1239,944,0.056,0.161,,,,,,2554.0
2016-Q3,MSN,11007,0.263,0.061,-7725,3282,-1671,1610,0.528,-0.001,-842,1227,1054,813,2.687,0.041,,,,,,2234.0
2016-Q2,MSN,10373,0.519,0.183,-7210,3162,-1551,1612,0.908,0.801,-709,1277,1087,781,1.173,2.083,,,,,,2187.0
2016-Q1,MSN,8769,1.446,-0.237,-6356,2412,-1517,895,1.073,-0.494,-688,515,393,253,57.186,-0.717,,,,,,1428.0
2015-Q4,MSN,11500,1.188,0.32,-7811,3688,-1919,1770,0.508,0.68,-726,1635,1361,894,-0.355,3.053,,,,,,2291.0
2015-Q3,MSN,8715,1.182,0.276,-6119,2596,-1542,1054,0.441,0.247,0,683,493,221,6.87,-0.386,,,,,,1564.0
2015-Q2,MSN,6829,0.656,0.905,-4488,2341,-1497,845,0.492,0.957,-971,752,615,359,,81.561,,,,,,1289.0
2015-Q1,MSN,3584,0.32,-0.318,-2401,1183,-751,432,1.001,-0.632,-400,158,57,4,,-0.997,,,,,,779.0
2014-Q4,MSN,5256,0.184,0.316,-2915,2341,-1167,1173,0.17,0.605,0,2158,1848,1385,6.757,48.439,,,,,,1193.0
2014-Q3,MSN,3994,0.235,-0.032,-2363,1631,-900,731,0.247,0.291,0,346,233,28,-0.756,,,,,,,1125.0
2014-Q2,MSN,4124,0.507,0.519,-2579,1545,-979,566,0.112,1.625,-484,98,-67,-227,,,,,,,,990.0
2014-Q1,MSN,2715,0.77,-0.388,-1632,1083,-867,216,,-0.785,-256,138,23,-107,,,,,,,,500.0
2013-Q4,MSN,4437,0.214,0.372,-2450,1987,-984,1003,0.122,0.711,0,941,687,179,0.31,0.558,,,,,,1150.0
2013-Q3,MSN,3235,0.21,0.182,-1841,1394,-808,586,0.151,0.151,0,493,309,115,-0.638,-0.156,,,,,,745.0
2013-Q2,MSN,2736,0.084,0.784,-1625,1111,-602,509,-0.06,,-51,464,266,136,-0.728,218.48,,,,,,618.0
2013-Q1,MSN,1534,-0.002,-0.58,-1027,507,-522,-15,,,-65,117,35,1,-0.998,-0.995,,,,,,90.0
2012-Q4,MSN,3654,0.3,0.367,-2124,1530,-636,894,0.284,0.754,-52,599,413,136,-0.848,-0.57,,,,,,993.0
2012-Q3,MSN,2673,0.899,0.059,-1589,1085,-575,510,0.644,-0.059,-66,620,481,317,-0.249,-0.365,,,,,,579.0
2012-Q2,MSN,2524,0.669,0.642,-1486,1038,-496,542,0.771,1.442,-48,770,674,499,0.584,0.427,,,,,,638.0
2012-Q1,MSN,1538,0.16,-0.453,-978,559,-337,222,-0.362,-0.681,-112,554,450,350,0.036,-0.609,,,,,,306.0
2011-Q4,MSN,2811,0.338,0.997,-1557,1253,-557,696,0.532,1.246,-82,1273,1134,895,-0.566,1.12,,,,,,738.0
2011-Q3,MSN,1407,0.002,-0.07,-784,623,-313,310,-0.108,0.013,-79,634,548,422,0.784,0.339,,,,,,336.0
2011-Q2,MSN,1513,0.243,0.141,-900,613,-307,306,-0.009,-0.121,-76,537,435,315,0.314,-0.067,,,,,,332.0
2011-Q1,MSN,1326,0.538,-0.369,-759,567,-219,348,2.114,-0.234,-84,434,389,338,2.498,-0.836,,,,,,377.0
2010-Q4,MSN,2100,0.552,0.495,-1167,934,-479,454,0.906,0.307,0,2282,2227,2062,10.567,7.715,,,,,,477.0
2010-Q3,MSN,1405,0.235,0.155,-794,611,-263,347,2.6,0.125,0,373,323,237,4.01,-0.014,,,,,,378.0
2010-Q2,MSN,1217,,0.411,-687,530,-221,309,,1.764,0,339,321,240,,1.484,,,,,,277.0
2010-Q1,MSN,862,,-0.363,-540,323,-211,112,,-0.531,0,141,124,97,,-0.458,,,,,,194.0
2009-Q4,MSN,1353,,0.19,-861,492,-254,238,,1.469,0,276,255,178,,2.775,,,,,,307.0
2009-Q3,MSN,1137,,,-754,383,-287,97,,,0,110,100,47,,,,,,,,
