index,ticker,revenue,yearRevenueGrowth,quarterRevenueGrowth,costOfGoodSold,grossProfit,operationExpense,operationProfit,yearOperationProfitGrowth,quarterOperationProfitGrowth,interestExpense,preTaxProfit,postTaxProfit,shareHolderIncome,yearShareHolderIncomeGrowth,quarterShareHolderIncomeGrowth,investProfit,serviceProfit,otherProfit,provisionExpense,operationIncome,ebitda
2023-Q3,MWG,30288,-0.054,0.028,-24609,5678,-5656,23,-0.987,24.783,-438,182,39,39,-0.957,1.226,,,,,,1029
2023-Q2,MWG,29465,-0.142,0.087,-24024,5441,-5440,1,-1.0,-0.992,-385,130,17,17,-0.985,-0.182,,,,,,797
2023-Q1,MWG,27106,-0.257,-0.114,-21891,5214,-5109,105,-0.943,-0.898,-296,159,21,21,-0.985,-0.966,,,,,,981
2022-Q4,MWG,30588,-0.154,-0.044,-22659,7930,-6896,1034,-0.443,-0.403,-361,933,619,619,-0.604,-0.317,,,,,,2031
2022-Q3,MWG,32012,0.316,-0.068,-24620,7392,-5659,1733,1.056,-0.145,-435,1418,907,906,0.154,-0.198,,,,,,2599
2022-Q2,MWG,34338,0.085,-0.058,-27001,7336,-5308,2028,0.354,0.097,-366,1702,1131,1130,-0.068,-0.218,,,,,,2890
2022-Q1,MWG,36467,0.183,0.009,-28342,8124,-6275,1849,0.093,-0.004,-200,2003,1445,1444,0.08,-0.076,,,,,,2707
2021-Q4,MWG,36138,0.329,0.485,-28763,7375,-5519,1856,0.507,1.201,-187,2050,1563,1562,0.659,0.989,,,,,,2653
2021-Q3,MWG,24333,-0.054,-0.231,-18245,6089,-5246,843,-0.271,-0.437,-164,968,786,785,-0.174,-0.353,,,,,,1591
2021-Q2,MWG,31658,0.204,0.027,-24515,7144,-5646,1498,0.217,-0.115,-170,1626,1214,1213,0.357,-0.093,,,,,,2217
2021-Q1,MWG,30828,0.05,0.134,-23803,7025,-5333,1691,0.059,0.373,-153,1828,1339,1338,0.182,0.421,,,,,,2347
2020-Q4,MWG,27194,0.07,0.058,-20919,6275,-5043,1232,0.07,0.066,-144,1334,942,942,0.096,-0.009,,,,,,1841
2020-Q3,MWG,25714,0.023,-0.022,-19964,5750,-4594,1156,0.045,-0.061,-132,1278,951,951,0.112,0.063,,,,,,1758
2020-Q2,MWG,26286,-0.012,-0.105,-20515,5770,-4539,1231,-0.099,-0.229,-137,1254,894,894,-0.172,-0.21,,,,,,1745
2020-Q1,MWG,29353,0.173,0.155,-23193,6160,-4563,1597,0.179,0.388,-178,1544,1132,1132,0.088,0.316,,,,,,2068
2019-Q4,MWG,25411,0.208,0.011,-20046,5365,-4214,1151,0.253,0.041,-156,1180,860,860,0.242,0.005,,,,,,1586
2019-Q3,MWG,25142,0.203,-0.055,-20202,4941,-3835,1106,0.263,-0.19,-145,1137,856,855,0.321,-0.208,,,,,,1475
2019-Q2,MWG,26604,0.22,0.063,-21855,4748,-3383,1366,0.366,0.008,-134,1396,1080,1079,0.474,0.037,,,,,,1693
2019-Q1,MWG,25017,0.099,0.189,-20584,4434,-3079,1355,0.257,0.475,-133,1341,1041,1040,0.289,0.503,,,,,,1666
2018-Q4,MWG,21038,0.124,0.006,-17285,3753,-2835,918,0.319,0.049,-111,919,693,692,0.21,0.069,,,,,,1255
2018-Q3,MWG,20908,0.276,-0.041,-17205,3703,-2827,875,0.234,-0.124,-107,856,648,647,0.146,-0.116,,,,,,1198
2018-Q2,MWG,21807,0.393,-0.042,-17945,3862,-2862,1000,0.536,-0.072,-105,968,732,732,0.432,-0.093,,,,,,1288
2018-Q1,MWG,22764,0.461,0.216,-18789,3975,-2897,1077,0.493,0.548,-113,1043,807,807,0.447,0.412,,,,,,1353
2017-Q4,MWG,18719,0.353,0.143,-15674,3044,-2348,696,0.629,-0.019,-61,734,572,572,0.608,0.013,,,,,,905
2017-Q3,MWG,16381,0.472,0.046,-13557,2824,-2114,709,0.365,0.09,-46,719,565,565,0.458,0.105,,,,,,889
2017-Q2,MWG,15654,0.562,0.004,-13032,2622,-1971,651,0.241,-0.098,-56,650,511,511,0.227,-0.084,,,,,,809
2017-Q1,MWG,15586,0.619,0.126,-12934,2652,-1930,722,0.387,0.689,-65,706,558,558,0.335,0.569,,,,,,865
2016-Q4,MWG,13837,0.786,0.244,-11641,2196,-1769,427,0.044,-0.178,-39,457,356,356,0.072,-0.082,,,,,,538
2016-Q3,MWG,11126,0.674,0.11,-9292,1834,-1315,520,0.515,-0.009,-25,499,388,387,0.348,-0.07,,,,,,626
2016-Q2,MWG,10023,0.869,0.041,-8428,1595,-1070,524,0.897,0.008,-26,525,417,417,0.884,-0.003,,,,,,607
2016-Q1,MWG,9627,0.751,0.243,-8038,1589,-1069,520,0.773,0.272,-30,525,418,418,0.804,0.259,,,,,,590
2015-Q4,MWG,7746,0.602,0.165,-6462,1285,-875,409,0.897,0.192,-12,428,332,332,0.799,0.155,,,,,,470
2015-Q3,MWG,6647,0.685,0.239,-5623,1024,-681,343,0.664,0.241,-6,371,288,287,0.64,0.299,,,,,,395
2015-Q2,MWG,5363,0.538,-0.024,-4550,813,-537,276,0.58,-0.058,-9,287,223,221,0.556,-0.045,,,,,,322
2015-Q1,MWG,5496,0.576,0.136,-4695,801,-508,293,0.4,0.36,-12,300,233,232,0.393,0.255,,,,,,332
2014-Q4,MWG,4837,,0.226,-4146,691,-475,216,,0.046,-5,241,186,184,,0.053,,,,,,250
2014-Q3,MWG,3945,,0.131,-3311,634,-428,206,,0.179,-5,227,176,175,,0.232,,,,,,237
2014-Q2,MWG,3487,,0.0,-2960,527,-352,175,,-0.165,-6,185,143,142,,-0.145,,,,,,203
2014-Q1,MWG,3488,,,-2943,545,-335,210,,,-5,215,169,166,,,,,,,,232
