index,ticker,revenue,yearRevenueGrowth,quarterRevenueGrowth,costOfGoodSold,grossProfit,operationExpense,operationProfit,yearOperationProfitGrowth,quarterOperationProfitGrowth,interestExpense,preTaxProfit,postTaxProfit,shareHolderIncome,yearShareHolderIncomeGrowth,quarterShareHolderIncomeGrowth,investProfit,serviceProfit,otherProfit,provisionExpense,operationIncome,ebitda
2023-Q3,VCB,12596,-0.078,-0.102,,,-5233,15777,-0.056,-0.097,,9051,7275,7269,0.199,-0.021,1769,891,521,-1494,10545,
2023-Q2,VCB,14021,0.096,-0.013,,,-5656,17470,0.094,-0.057,,9278,7428,7423,0.25,-0.174,1569,1622,258,-2536,11814,
2023-Q1,VCB,14203,0.186,-0.041,,,-5274,18517,0.107,-0.008,,11221,8992,8986,0.129,-0.095,1775,1456,1083,-2022,13243,
2022-Q4,VCB,14809,0.374,0.084,,,-4565,18663,0.255,0.117,,12419,9934,9928,0.539,0.637,1222,2331,300,-1679,14098,
2022-Q3,VCB,13664,0.31,0.068,,,-6370,16714,0.261,0.046,,7566,6069,6065,0.32,0.022,1559,1102,389,-2778,10344,
2022-Q2,VCB,12797,0.153,0.069,,,-5816,15972,0.238,-0.045,,7423,5942,5937,0.499,-0.254,1600,695,881,-2733,10157,
2022-Q1,VCB,11976,0.188,0.111,,,-4509,16733,0.067,0.125,,9950,7967,7962,0.154,0.234,1563,2711,484,-2274,12224,
2021-Q4,VCB,10781,0.038,0.034,,,-3057,14869,0.033,0.122,,8064,6457,6451,0.138,0.404,1105,2414,570,-3748,11813,
2021-Q3,VCB,10428,0.195,-0.06,,,-5002,13253,0.144,0.027,,5738,4599,4594,0.151,0.16,1246,1127,452,-2513,8250,
2021-Q2,VCB,11096,0.374,0.101,,,-4736,12903,0.202,-0.177,,4942,3965,3960,-0.141,-0.426,1019,428,360,-3225,8167,
2021-Q1,VCB,10082,0.116,-0.03,,,-4779,15686,0.277,0.09,,8631,6908,6903,0.652,0.218,1154,3438,1012,-2275,10906,
2020-Q4,VCB,10390,0.203,0.191,,,-3430,14393,0.349,0.242,,7079,5674,5668,0.289,0.42,999,3069,-65,-3884,10963,
2020-Q3,VCB,8723,-0.015,0.08,,,-4579,11586,-0.034,0.079,,4983,3996,3991,-0.209,-0.134,1067,1257,540,-2025,7008,
2020-Q2,VCB,8077,-0.059,-0.106,,,-3118,10734,-0.05,-0.126,,5759,4616,4610,0.057,0.104,1215,1156,286,-1856,7616,
2020-Q1,VCB,9034,0.063,0.046,,,-4910,12285,0.044,0.152,,5223,4183,4178,-0.112,-0.05,1085,1127,1039,-2152,7375,
2019-Q4,VCB,8640,0.083,-0.025,,,-3186,10667,-0.002,-0.111,,5510,4400,4397,-0.167,-0.129,889,886,252,-1971,7481,
2019-Q3,VCB,8859,0.192,0.033,,,-4182,11995,0.274,0.061,,6309,5052,5048,0.72,0.158,973,1278,883,-1503,7812,
2019-Q2,VCB,8580,0.262,0.01,,,-4067,11303,0.221,-0.039,,5425,4365,4361,0.49,-0.074,881,1075,768,-1811,7236,
2019-Q1,VCB,8499,0.371,0.065,,,-4384,11768,0.186,0.101,,5878,4711,4707,0.343,-0.108,1033,1069,1166,-1506,7384,
2018-Q4,VCB,7981,0.382,0.074,,,-1693,10690,0.42,0.136,,6617,5280,5276,0.939,0.798,1735,774,201,-2381,8997,
2018-Q3,VCB,7432,0.416,0.093,,,-3986,9414,0.292,0.017,,3666,2938,2935,0.369,0.003,437,895,651,-1762,5429,
2018-Q2,VCB,6800,0.206,0.097,,,-3864,9259,0.269,-0.067,,3657,2932,2927,0.452,-0.165,828,851,780,-1738,5395,
2018-Q1,VCB,6197,0.175,0.073,,,-4067,9924,0.362,0.318,,4359,3508,3504,0.588,0.288,1243,881,1603,-1498,5857,
2017-Q4,VCB,5777,0.183,0.101,,,-2434,7529,0.147,0.033,,3403,2728,2721,0.539,0.269,571,576,606,-1692,5095,
2017-Q3,VCB,5248,0.169,-0.069,,,-3104,7288,0.203,-0.001,,2680,2149,2144,0.31,0.063,803,651,586,-1504,4184,
2017-Q2,VCB,5637,0.219,0.068,,,-3179,7299,0.157,0.002,,2518,2021,2016,0.273,-0.086,652,665,345,-1602,4119,
2017-Q1,VCB,5276,0.164,0.08,,,-3150,7287,0.22,0.11,,2737,2210,2206,0.201,0.248,799,650,563,-1401,4138,
2016-Q4,VCB,4883,0.101,0.088,,,-2478,6566,0.116,0.083,,2191,1774,1768,0.047,0.08,370,530,783,-1897,4088,
2016-Q3,VCB,4488,0.136,-0.029,,,-2504,6060,0.087,-0.039,,2047,1642,1637,0.397,0.033,713,521,338,-1510,3557,
2016-Q2,VCB,4625,0.296,0.02,,,-2631,6309,0.236,0.056,,1980,1588,1584,0.199,-0.137,631,521,532,-1698,3678,
2016-Q1,VCB,4533,0.296,0.022,,,-2367,5972,0.287,0.015,,2299,1841,1837,0.623,0.087,615,539,286,-1305,3605,
2015-Q4,VCB,4437,0.362,0.123,,,-2354,5884,0.195,0.056,,2179,1697,1689,0.279,0.441,76,479,892,-1351,3530,
2015-Q3,VCB,3951,0.341,0.107,,,-2705,5574,0.382,0.092,,1498,1176,1172,0.128,-0.113,779,441,402,-1371,2869,
2015-Q2,VCB,3569,0.272,0.021,,,-1580,5104,0.217,0.1,,1695,1325,1321,0.25,0.168,504,615,416,-1829,3524,
2015-Q1,VCB,3496,0.264,0.073,,,-1667,4640,0.127,-0.058,,1456,1135,1132,-0.03,-0.143,612,338,194,-1517,2973,
2014-Q4,VCB,3258,0.191,0.106,,,-2171,4925,0.151,0.221,,1696,1330,1320,-0.011,0.271,445,440,783,-1059,2755,
2014-Q3,VCB,2945,0.011,0.05,,,-1595,4033,0.0,-0.039,,1333,1042,1039,-0.001,-0.017,408,442,238,-1105,2438,
2014-Q2,VCB,2806,0.099,0.015,,,-1640,4196,0.17,0.019,,1346,1060,1057,0.224,-0.094,427,436,526,-1210,2555,
2014-Q1,VCB,2766,0.067,0.011,,,-1420,4119,0.142,-0.037,,1501,1170,1166,0.048,-0.127,688,424,241,-1198,2699,
2013-Q4,VCB,2735,0.107,-0.061,,,-2026,4278,0.08,0.06,,1753,1344,1336,0.266,0.284,603,432,508,-499,2252,
2013-Q3,VCB,2914,0.06,0.141,,,-1575,4034,0.127,0.125,,1388,1043,1040,-0.06,0.204,433,408,279,-1071,2459,
2013-Q2,VCB,2553,0.04,-0.015,,,-1280,3585,0.073,-0.006,,1138,867,864,-0.048,-0.224,516,388,128,-1167,2305,
2013-Q1,VCB,2591,-0.215,0.048,,,-1333,3606,-0.122,-0.09,,1465,1117,1112,-0.171,0.055,614,383,19,-808,2273,
2012-Q4,VCB,2471,-0.365,-0.101,,,-1939,3961,-0.18,0.106,,1367,1059,1055,0.422,-0.046,700,400,390,-655,2022,
2012-Q3,VCB,2748,-0.254,0.12,,,-1568,3580,0.053,0.072,,1477,1109,1106,0.045,0.219,445,331,56,-535,2012,
2012-Q2,VCB,2455,-0.086,-0.256,,,-1069,3341,0.086,-0.186,,1182,910,907,-0.081,-0.324,393,487,5,-1089,2272,
2012-Q1,VCB,3300,0.176,-0.152,,,-1419,4104,0.151,-0.15,,1735,1347,1342,-0.065,0.809,561,170,74,-950,2685,
2011-Q4,VCB,3891,0.582,0.056,,,-1997,4830,0.298,0.42,,1115,741,742,-0.349,-0.299,1097,-92,-66,-1717,2833,
2011-Q3,VCB,3684,1.025,0.371,,,-1289,3402,0.374,0.106,,1411,1067,1058,0.142,0.073,353,315,-951,-702,2113,
2011-Q2,VCB,2687,0.075,-0.042,,,-1173,3077,0.095,-0.137,,1310,993,986,-0.078,-0.312,261,446,-317,-594,1903,
2011-Q1,VCB,2806,0.597,0.141,,,-1270,3565,0.436,-0.042,,1895,1441,1435,0.343,0.259,477,245,36,-400,2295,
2010-Q4,VCB,2460,0.42,0.352,,,-1341,3722,0.286,0.504,,1438,1142,1139,-0.221,0.23,597,364,302,-944,2382,
2010-Q3,VCB,1819,0.006,-0.272,,,-1036,2476,-0.002,-0.119,,1246,931,926,-0.128,-0.134,308,187,161,-194,1440,
2010-Q2,VCB,2500,0.528,0.423,,,-1401,2809,0.139,0.132,,1408,1076,1070,-0.082,0.002,21,227,60,0,1408,
2010-Q1,VCB,1757,0.266,0.015,,,-711,2482,0.249,-0.142,,1418,1073,1068,-0.038,-0.269,393,284,48,-353,1771,
2009-Q4,VCB,1732,-0.075,-0.042,,,-1250,2894,0.064,0.167,,1893,1472,1462,17.925,0.375,826,294,43,249,1644,
2009-Q3,VCB,1808,0.696,0.105,,,-951,2480,0.625,0.006,,1377,1067,1063,1.361,-0.088,334,240,98,-153,1529,
2009-Q2,VCB,1636,,0.178,,,-739,2465,,0.24,,1470,1169,1165,,0.049,540,262,27,-257,1727,
2009-Q1,VCB,1388,,-0.259,,,-528,1988,,-0.269,,1460,1115,1111,,13.381,333,222,44,0,1460,
2008-Q4,VCB,1873,,0.757,,,-769,2721,,0.782,,-99,81,77,,-0.828,558,182,107,-2050,1952,
2008-Q3,VCB,1066,,,,,-829,1526,,,,637,454,450,,,150,219,91,-60,698,
2007-Q3,VCB,0,,,,,0,0,,,,0,0,0,,,0,0,0,0,0,
2007-Q2,VCB,0,,,,,0,0,,,,0,0,0,,,0,0,0,0,0,
2007-Q1,VCB,0,,,,,0,0,,,,0,0,0,,,0,0,0,0,0,
2006-Q3,VCB,0,,,,,0,0,,,,0,0,0,,,0,0,0,0,0,
2006-Q2,VCB,0,,,,,0,0,,,,0,0,0,,,0,0,0,0,0,
2006-Q1,VCB,0,,,,,0,0,,,,0,0,0,,,0,0,0,0,0,
2005-Q3,VCB,0,,,,,0,0,,,,0,0,0,,,0,0,0,0,0,
2005-Q2,VCB,0,,,,,0,0,,,,0,0,0,,,0,0,0,0,0,
2005-Q1,VCB,0,,,,,0,0,,,,0,0,0,,,0,0,0,0,0,
